@article{article:1,
  number={1},
  volume={38},
  year={2016},
  journal={Revista Brasileira de Ensino de Física},
  title={Influência da lei de Zipf na escolha de senhas},
  author={Leonardo Carneiro de Araújo; João Pedro Hallack Sansão; Hani Camille Yehia}
}

@article{article:2,
  volume={45},
  year={2023},
  url={https://doi.org/10.1016/j.fsidi.2023.301569},
  howpublished={https://doi.org/10.1016/j.fsidi.2023.301569},
  journal={Forensic Science International: Digital Investigation},
  title={Factorizing 2FA: Forensic analysis of two-factor authentication applications},
  author={Jessica Berrios; Elias Mosher and Sankofa Benzo; Cinthya Grajeda; Ibrahim Baggili}
}

@article{article:3,
  number={9},
  year={2019},
  volume={2019},
  author={Roger Grimes},
  journal={Network Security},
  title={The many ways to hack 2FA},
  url={https://doi.org/10.1016/S1353-4858(19)30107-2},
  howpublished={https://doi.org/10.1016/S1353-4858(19)30107-2}
}

@misc{hibp,
  author={Hunt, Troy},
  title={Have I Been Pwned},
  year={2013--2023},
  howpublished={https://haveibeenpwned.com},
  note={Acesso em: 9 abril. 2025}
}

@misc{forms2025,
  author={Juris Jacques, Felipe},
  title={Formulário de pesquisa: [Pesquisa sobre gestão pessoal de credenciais de acesso a serviços digitais]},
  year={2024--2025},
  howpublished={https://forms.office.com/r/prxM7NhHWK?origin=lprLink},
  note={Acesso em: 06 jun. 2025}
}

@book{malhotra2001,
  author={Malhotra, Naresh K.},
  title={Pesquisa de marketing: uma orientação aplicada},
  year={2001},
  edition={3},
  publisher={Bookman},
  address={Porto Alegre},
}

@book{lakatos2017,
  author={Lakatos, Eva Maria; Marconi, Marina de Andrade},
  title={Fundamentos de metodologia científica},
  year={2017},
  edition={8},
  publisher={Atlas},
  address={São Paulo},
}  